@article{Cao2017Developmental,
	journal={Trends in Neurosciences},
	doi={10.1016/j.tins.2017.06.003},
	issn=01662236,
	number=8,
	language={en},
	title={Developmental Connectomics from Infancy through Early Childhood},
	volume=40,
	author={Cao, Miao and Huang, Hao and He, Yong},
	pages={494--506},
	date={2017-08},
	year=2017,
	month=8,
}
@article{Mathijssen2021Updated,
	journal={Journal of Craniofacial Surgery},
	doi={10.1097/SCS.0000000000007035},
	issn={1049-2275, 1536-3732},
	number=1,
	language={en},
	title={Updated Guideline on Treatment and Management of Craniosynostosis},
	volume=32,
	author={Mathijssen, Irene M.J.},
	pages={371--450},
	date={2021-01},
	year=2021,
	month=1,
}
@article{Likus2014Cephalic,
	journal={The Scientific World Journal},
	doi={10.1155/2014/502836},
	issn={2356-6140},
	note={publisher: Hindawi Publishing Corporation},
	title={Cephalic Index in the First Three Years of Life: Study of Children with Normal Brain Development Based on Computed Tomography},
	volume=2014,
	author={Likus, Wirginia and Bajor, Grzegorz and Gruszczyńska, Katrzyna and Baron, Jan and Markowski, Jarosław and Machnikowska-Sokołowska, Magdalena and Milka, Daniela and Lepich, Tomasz},
	editor={Cruz, Y. and Georgiades, P. and de Souza, R. R.},
	pages=502836,
	date={2014-02-04},
	year=2014,
	month=2,
	day=4,
}
@article{Meyer-Marcotty2014Three-dimensional,
	journal={The European Journal of Orthodontics},
	doi={10.1093/ejo/cjt010},
	issn={0141-5387, 1460-2210},
	number=5,
	language={en},
	title={Three-dimensional analysis of cranial growth from 6 to 12 months of age},
	volume=36,
	author={Meyer-Marcotty, P. and Bohm, H. and Linz, C. and Kochel, J. and Stellzig-Eisenhauer, A. and Schweitzer, T.},
	pages={489--496},
	date={2014-10-01},
	year=2014,
	month=10,
	day=1,
}
@article{Rollins2010United,
	journal={The Journal of Pediatrics},
	doi={10.1016/j.jpeds.2010.01.009},
	issn={0022-3476},
	number=6,
	title={United States Head Circumference Growth Reference Charts: Birth to 21 Years},
	volume=156,
	author={Rollins, Jonathan D. and Collins, Julianne S. and Holden, Kenton R.},
	pages={907--913.e2},
	date={2010-06-01},
	year=2010,
	month=6,
	day=1,
}
@article{Breakey2018Intracranial,
	journal={Plastic and reconstructive surgery (1963)},
	doi={10.1097/PRS.0000000000004843},
	issn={0032-1052},
	number=5,
	note={publisher-place: United States
publisher: United States: American Society of Plastic Surgeons},
	title={Intracranial Volume and Head Circumference in Children with Unoperated Syndromic Craniosynostosis},
	volume=142,
	author={Breakey, R.William.F and Knoops, Paul G.M and Borghi, Alessandro and Rodriguez-Florez, Naiara and O’Hara, Justine and James, Gregory and Dunaway, David J and Schievano, Silvia and Jeelani, N.U Owase},
	pages={708e--717e},
	date=2018,
	year=2018,
}
@article{Sgouros2005Skull,
	journal={Child's Nervous System},
	doi={10.1007/s00381-004-1112-2},
	issn={0256-7040, 1433-0350},
	number=10,
	language={en},
	title={Skull vault growth in craniosynostosis},
	volume=21,
	author={Sgouros, Spyros},
	pages={861--870},
	date={2005-10},
	year=2005,
	month=10,
}
@article{Thakkar2018Observer,
	journal={Journal of Nepal Paediatric Society},
	doi={10.3126/jnps.v37i3.19556},
	issn={1990-7982, 1990-7974},
	number=3,
	title={Observer Variability in Head Circumference Measurement Using Routine Versus Non-Stretchable Tapes in Children},
	volume=37,
	author={Thakkar, Pareshkumar Amrutlal and Yagnik, Kinjal and Parmar, Niyati T and Das, Rashmi Ranjan and Thakkar, Ukti P},
	pages={238--243},
	date={2018-06-07},
	year=2018,
	month=6,
	day=7,
}
@article{Liu2022Data-driven,
	journal={Plastic and Reconstructive Surgery - Global Open},
	doi={10.1097/GOX.0000000000004457},
	issn={2169-7574},
	number=8,
	language={en},
	title={Data-driven Normative Reference of Pediatric Cranial Bone Development},
	volume=10,
	author={Liu, Jiawei and Elkhill, Connor and LeBeau, Scott and French, Brooke and Lepore, Natasha and Linguraru, Marius George and Porras, Antonio R.},
	pages={e4457},
	date={2022-08-10},
	year=2022,
	month=8,
	day=10,
}
@article{Porras2022Predictive,
	journal={IEEE Transactions on Biomedical Engineering},
	doi={10.1109/TBME.2021.3100745},
	issn={0018-9294, 1558-2531},
	number=2,
	title={Predictive Statistical Model of Early Cranial Development},
	volume=69,
	author={Porras, Antonio R and Keating, Robert and Lee, Janice and Linguraru, Marius George},
	pages={537--546},
	date={2022-02},
	year=2022,
	month=2,
}
@article{Liu2023Data-driven,
	journal={Scientific Reports},
	doi={10.1038/s41598-023-47622-7},
	issn={2045-2322},
	number=1,
	title={Data-driven cranial suture growth model enables predicting phenotypes of craniosynostosis},
	volume=13,
	author={Liu, Jiawei and Froelicher, Joseph H. and French, Brooke and Linguraru, Marius George and Porras, Antonio R.},
	pages=20557,
	date={2023-11-23},
	year=2023,
	month=11,
	day=23,
}
@article{Schweitzer2012Avoiding,
	journal={Child's Nervous System},
	doi={10.1007/s00381-012-1721-0},
	issn={1433-0350},
	number=7,
	title={Avoiding CT scans in children with single-suture craniosynostosis},
	volume=28,
	author={Schweitzer, T. and Böhm, H. and Meyer-Marcotty, P. and Collmann, H. and Ernestus, R.-I. and Krauß, J.},
	pages={1077--1082},
	date={2012-07-01},
	year=2012,
	month=7,
	day=1,
}
@article{Xia2021Learning,
	journal={Medical Image Analysis},
	doi={10.1016/j.media.2021.102169},
	issn={1361-8415},
	title={Learning to synthesise the ageing brain without longitudinal data},
	volume=73,
	author={Xia, Tian and Chartsias, Agisilaos and Wang, Chengjia and Tsaftaris, Sotirios A.},
	pages=102169,
	date={2021-10-01},
	year=2021,
	month=10,
	day=1,
}
@article{Hasegawa2018Developmental,
	journal={Frontiers in Neuroscience},
	doi={10.3389/fnins.2018.00566},
	issn={1662-453X},
	title={Developmental Trajectory of Infant Brain Signal Variability: A Longitudinal Pilot Study},
	volume=12,
	author={Hasegawa, Chiaki and Takahashi, Tetsuya and Yoshimura, Yuko and Nobukawa, Sou and Ikeda, Takashi and Saito, Daisuke N. and Kumazaki, Hirokazu and Minabe, Yoshio and Kikuchi, Mitsuru},
	pages=566,
	date={2018-08-14},
	year=2018,
	month=8,
	day=14,
}
@article{Porras2019Quantification,
	journal={Plastic and Reconstructive Surgery},
	doi={10.1097/PRS.0000000000006260},
	issn={0032-1052},
	number=6,
	language={en},
	title={Quantification of Head Shape from Three-Dimensional Photography for Presurgical and Postsurgical Evaluation of Craniosynostosis:},
	volume=144,
	author={Porras, Antonio R. and Tu, Liyun and Tsering, Deki and Mantilla, Esperanza and Oh, Albert and Enquobahrie, Andinet and Keating, Robert and Rogers, Gary F. and Linguraru, Marius George},
	pages={1051e--1060e},
	date={2019-12},
	year=2019,
	month=12,
}
@article{Abdel-Alim2021Three-Dimensional,
	journal={Journal of Craniofacial Surgery},
	issn={1049-2275},
	number=3,
	title={Three-Dimensional Stereophotogrammetry in the Evaluation of Craniosynostosis: Current and Potential Use Cases},
	url={https://journals.lww.com/jcraniofacialsurgery/Fulltext/2021/05000/Three_Dimensional_Stereophotogrammetry_in_the.35.aspx},
	volume=32,
	author={Abdel-Alim, Tareq and Iping, Rik and Wolvius, Eppo B. and Mathijssen, Irene M.J. and Dirven, Clemens M.F. and Niessen, Wiro J. and van Veelen, Marie-Lise. C. and Roshchupkin, Gennady V.},
	date=2021,
	year=2021,
}
@article{Lorensen1987Marching,
	journal={ACM SIGGRAPH Computer Graphics},
	doi={10.1145/37402.37422},
	issn={0097-8930},
	number=4,
	language={en},
	title={Marching cubes: A high resolution 3D surface construction algorithm},
	volume=21,
	author={Lorensen, William E. and Cline, Harvey E.},
	pages={163--169},
	date={1987-08},
	year=1987,
	month=8,
}
@article{Dangi2017Robust,
	journal={Healthcare Technology Letters},
	doi={10.1049/htl.2017.0067},
	issn={2053-3713, 2053-3713},
	number=5,
	language={en},
	title={Robust head CT image registration pipeline for craniosynostosis skull correction surgery},
	volume=4,
	author={Dangi, Shusil and Shah, Hina and Porras, Antonio R. and Paniagua, Beatriz and Linte, Cristian A. and Linguraru, Marius and Enquobahrie, Andinet},
	pages={174--178},
	date={2017-10},
	year=2017,
	month=10,
}
@article{Elkhill2023Geometric,
	journal={Computer Methods and Programs in Biomedicine},
	doi={10.1016/j.cmpb.2023.107689},
	issn={0169-2607},
	title={Geometric learning and statistical modeling for surgical outcomes evaluation in craniosynostosis using 3D photogrammetry},
	volume=240,
	author={Elkhill, Connor and Liu, Jiawei and Linguraru, Marius George and LeBeau, Scott and Khechoyan, David and French, Brooke and Porras, Antonio R.},
	pages=107689,
	date={2023-10-01},
	year=2023,
	month=10,
	day=1,
}
@article{Roth1982Ray,
	journal={Computer Graphics and Image Processing},
	doi={10.1016/0146-664X(82)90169-1},
	issn={0146664X},
	number=2,
	language={en},
	title={Ray casting for modeling solids},
	volume=18,
	author={Roth, Scott D},
	pages={109--144},
	date={1982-02},
	year=1982,
	month=2,
}
@article{Radford2016Unsupervised,
	note={arXiv:1511.06434 [cs]},
	publisher={arXiv},
	title={Unsupervised Representation Learning with Deep Convolutional Generative Adversarial Networks},
	url={http://arxiv.org/abs/1511.06434},
	author={Radford, Alec and Metz, Luke and Chintala, Soumith},
	date={2016-01-07},
	year=2016,
	month=1,
	day=7,
}
@article{Ganin2016Domain-Adversarial,
	journal={arXiv.org},
	doi={10.48550/arxiv.1505.07818},
	note={publisher-place: Ithaca
publisher: Ithaca: Cornell University Library, arXiv.org},
	title={Domain-Adversarial Training of Neural Networks},
	author={Ganin, Yaroslav and Ustinova, Evgeniya and Ajakan, Hana and Germain, Pascal and Larochelle, Hugo and Laviolette, François and Marchand, Mario and Lempitsky, Victor},
	date=2016,
	year=2016,
}
@inproceedings{Gulrajani2017Improved,
	journal={Advances in Neural Information Processing Systems},
	publisher={Curran Associates, Inc.},
	title={Improved Training of Wasserstein GANs},
	url={https://proceedings.neurips.cc/paper/2017/file/892c3b1c6dccd52936e27cbd0ff683d6-Paper.pdf},
	volume=30,
	author={Gulrajani, Ishaan and Ahmed, Faruk and Arjovsky, Martin and Dumoulin, Vincent and Courville, Aaron C},
	editor={Guyon, I. and Luxburg, U. Von and Bengio, S. and Wallach, H. and Fergus, R. and Vishwanathan, S. and Garnett, R.},
	date=2017,
	year=2017,
}
@article{Wang2021Deep,
	journal={Medical Image Analysis},
	doi={10.1016/j.media.2021.102147},
	issn=13618415,
	language={en},
	title={Deep adversarial domain adaptation for breast cancer screening from mammograms},
	volume=73,
	author={Wang, Yan and Feng, Yangqin and Zhang, Lei and Wang, Zizhou and Lv, Qing and Yi, Zhang},
	pages=102147,
	date={2021-10},
	year=2021,
	month=10,
}
@article{Nguyen2022KL,
	note={arXiv:2106.07780 [cs]},
	publisher={arXiv},
	title={KL Guided Domain Adaptation},
	url={http://arxiv.org/abs/2106.07780},
	author={Nguyen, A. Tuan and Tran, Toan and Gal, Yarin and Torr, Philip H. S. and Baydin, Atılım Güneş},
	date={2022-03-14},
	year=2022,
	month=3,
	day=14,
}
@article{Borad2019Isolated,
	journal={Journal of Craniofacial Surgery},
	doi={10.1097/SCS.0000000000006058},
	issn={1049-2275},
	number=8,
	language={en},
	title={Isolated Lambdoid Craniosynostosis:},
	volume=30,
	author={Borad, Vedant and Cordes, Emma J. and Liljeberg, Katie M. and Sylvanus, Tonye S. and Lim, Paul K. and Wood, Robert J.},
	pages={2390--2392},
	date={2019-11},
	year=2019,
	month=11,
}
@article{Grigoryev2022When,
	note={arXiv:2202.08937 [cs]},
	publisher={arXiv},
	title={When, Why, and Which Pretrained GANs Are Useful?},
	url={http://arxiv.org/abs/2202.08937},
	author={Grigoryev, Timofey and Voynov, Andrey and Babenko, Artem},
	date={2022-03-10},
	year=2022,
	month=3,
	day=10,
}
@article{Kingma2014Adam:,
	doi={10.48550/ARXIV.1412.6980},
	note={publisher: arXiv
version: 9},
	title={Adam: A Method for Stochastic Optimization},
	url={https://arxiv.org/abs/1412.6980},
	author={Kingma, Diederik P. and Ba, Jimmy},
	date=2014,
	year=2014,
}
@incollection{Paszke2019PyTorch:,
	booktitle={Advances in Neural Information Processing Systems 32},
	publisher={Curran Associates, Inc.},
	title={PyTorch: An Imperative Style, High-Performance Deep Learning Library},
	url={http://papers.neurips.cc/paper/9015-pytorch-an-imperative-style-high-performance-deep-learning-library.pdf},
	author={Paszke, Adam and Gross, Sam and Massa, Francisco and Lerer, Adam and Bradbury, James and Chanan, Gregory and Killeen, Trevor and Lin, Zeming and Gimelshein, Natalia and Antiga, Luca and Desmaison, Alban and Kopf, Andreas and Yang, Edward and DeVito, Zachary and Raison, Martin and Tejani, Alykhan and Chilamkurthy, Sasank and Steiner, Benoit and Fang, Lu and Bai, Junjie and Chintala, Soumith},
	pages={8024–8035},
	date=2019,
	year=2019,
}

